<?xml version="1.0" encoding="UTF-8"?><record xmlns="http://www.loc.gov/MARC21/slim" xmlns:cinclude="http://apache.org/cocoon/include/1.0" xmlns:zs="http://www.loc.gov/zing/srw/">
  <leader>00564cz  a2200145n  4500</leader>
  <controlfield tag="001">nr 93010595 </controlfield>
  <controlfield tag="003">DLC</controlfield>
  <controlfield tag="005">20111007075431.0</controlfield>
  <controlfield tag="008">930322n| acannaabn           n aaa     c</controlfield>
  <datafield tag="010" ind1=" " ind2=" ">
    <subfield code="a">nr 93010595 </subfield>
  </datafield>
  <datafield tag="035" ind1=" " ind2=" ">
    <subfield code="a">(OCoLC)oca03343368</subfield>
  </datafield>
  <datafield tag="040" ind1=" " ind2=" ">
    <subfield code="a">CtY</subfield>
    <subfield code="b">eng</subfield>
    <subfield code="c">CtY</subfield>
    <subfield code="d">OCoLC</subfield>
    <subfield code="d">NNC</subfield>
  </datafield>
  <datafield tag="100" ind1="1" ind2=" ">
    <subfield code="a">Hopko, Basil,</subfield>
    <subfield code="d">1904-1976</subfield>
  </datafield>
  <datafield tag="670" ind1=" " ind2=" ">
    <subfield code="a">Pekar, A. Bishop Basil Hopko, S.T.D. , confessor of the faith, (1904-1976), 1979:</subfield>
    <subfield code="b">t.p.</subfield>
  </datafield>
  <datafield tag="670" ind1=" " ind2=" ">
    <subfield code="a">Bishop Basil Hopko ... 1987:</subfield>
    <subfield code="b">cover (Bishop Basil Hopko) p. 1 (b. April 21, 1904 in Hrabske, presently in Eastern Slovakia) p. 6 (d. June 23, 1976)</subfield>
  </datafield>
</record>